<?xml version="1.0" encoding="UTF-8"?><collection xmlns="http://www.loc.gov/MARC21/slim"><record><leader>00399nam--2200157-i-4500</leader><controlfield tag="001">000027693</controlfield><controlfield tag="002">20161230</controlfield><controlfield tag="005">20170111004138</controlfield><controlfield tag="008">060222s1000------------r-----000-0-eng-d</controlfield><datafield ind1=" " ind2=" " tag="080"><subfield code="a">621.38:621.523.8:621.3.076.7</subfield></datafield><datafield ind1=" " ind2=" " tag="100"><subfield code="a">Kretzmann, Reinhard</subfield></datafield><datafield ind1=" " ind2=" " tag="245"><subfield code="a">Ipari elektronika</subfield></datafield><datafield ind1=" " ind2=" " tag="260"><subfield code="a">Budapest</subfield><subfield code="b">M¿łszaki K©œnyvkiad©đ</subfield><subfield code="c">1957</subfield></datafield><datafield ind1=" " ind2=" " tag="300"><subfield code="a">372 p</subfield></datafield><datafield ind1=" " ind2=" " tag="852"><subfield code="a">4721</subfield></datafield><datafield ind1=" " ind2=" " tag="CAT"><subfield code="a">SYS</subfield><subfield code="c">20170111</subfield><subfield code="h">004138</subfield></datafield></record></collection>